<?xml version="1.0" encoding="UTF-8"?><collection xmlns="http://www.loc.gov/MARC21/slim"><record><leader>00621nam--2200229-u-4500</leader><controlfield tag="001">000050711</controlfield><controlfield tag="002">20161230</controlfield><controlfield tag="005">20161230201048</controlfield><controlfield tag="008">080324s1000------------r-----000-0-eng-d</controlfield><datafield ind1=" " ind2=" " tag="020"><subfield code="a">10-0-12-45551-X</subfield></datafield><datafield ind1=" " ind2=" " tag="040"><subfield code="a">IFIN-HH</subfield></datafield><datafield ind1=" " ind2=" " tag="080"><subfield code="a">544.18:540.145</subfield></datafield><datafield ind1="1" ind2=" " tag="100"><subfield code="a">Lowe, John P</subfield></datafield><datafield ind1="1" ind2="0" tag="245"><subfield code="a">Quantum Chemistry</subfield><subfield code="c">John P. Lowe; Kirk A. Peterson</subfield></datafield><datafield ind1=" " ind2=" " tag="250"><subfield code="a">Third Edition</subfield></datafield><datafield ind1=" " ind2=" " tag="260"><subfield code="a">Amsterdam</subfield><subfield code="b">Academic Press</subfield><subfield code="c">2006</subfield></datafield><datafield ind1=" " ind2=" " tag="300"><subfield code="a">703 p</subfield></datafield><datafield ind1=" " ind2=" " tag="504"><subfield code="a">Includes Bibliographical References and Index</subfield></datafield><datafield ind1=" " ind2="4" tag="650"><subfield code="a">Quantum Chemistry</subfield></datafield><datafield ind1="1" ind2=" " tag="700"><subfield code="a">Peterson, Kirk A</subfield></datafield><datafield ind1=" " ind2=" " tag="852"><subfield code="c">541.10</subfield></datafield><datafield ind1=" " ind2=" " tag="CAT"><subfield code="a">Sys</subfield><subfield code="c">20110405</subfield><subfield code="h">154635</subfield></datafield></record></collection>